<record><leader>00000cas a2200000 a 4500</leader><controlfield tag="001">18374353</controlfield><controlfield tag="008">880819d18641867pauwr ne      0    0eng c</controlfield><datafield ind1=" " ind2=" " tag="010"><subfield code="a">sn 88081004 </subfield></datafield><datafield ind1=" " ind2=" " tag="040"><subfield code="a">NPH</subfield><subfield code="b">eng</subfield><subfield code="c">NPH</subfield><subfield code="d">ATL</subfield><subfield code="d">OCL</subfield><subfield code="d">OCLCQ</subfield><subfield code="d">OCLCF</subfield><subfield code="d">OCLCO</subfield></datafield><datafield ind1="1" ind2=" " tag="029"><subfield code="a">AU@</subfield><subfield code="b">000006204843</subfield></datafield><datafield ind1=" " ind2=" " tag="042"><subfield code="a">pcc</subfield></datafield><datafield ind1=" " ind2=" " tag="043"><subfield code="a">n-us-pa</subfield></datafield><datafield ind1=" " ind2="4" tag="050"><subfield code="a">BX801</subfield></datafield><datafield ind1="0" ind2=" " tag="130"><subfield code="a">Universe (Philadelphia, Pa. : 1864)</subfield></datafield><datafield ind1="1" ind2="4" tag="245"><subfield code="a">The Universe.</subfield></datafield><datafield ind1="1" ind2="3" tag="246"><subfield code="a">Universe : The Catholic herald and visitor</subfield></datafield><datafield ind1="1" ind2="3" tag="246"><subfield code="a">Universe. Catholic herald</subfield></datafield><datafield ind1="1" ind2="3" tag="246"><subfield code="a">Herald and visitor</subfield></datafield><datafield ind1="1" ind2="7" tag="246"><subfield code="a">Catholic herald and visitor</subfield></datafield><datafield ind1=" " ind2=" " tag="260"><subfield code="a">Philadelphia [Pa.] :</subfield><subfield code="b">J.M. Spellissy,</subfield><subfield code="c">1864-1867.</subfield></datafield><datafield ind1=" " ind2=" " tag="300"><subfield code="a">6 v. :</subfield><subfield code="b">ill. (chiefly advertisements) ;</subfield><subfield code="c">41-53 cm.</subfield></datafield><datafield ind1=" " ind2=" " tag="310"><subfield code="a">Weekly</subfield></datafield><datafield ind1="0" ind2=" " tag="362"><subfield code="a">Vol. 31, no. 52 (Jan. 2, 1864)-v. 36, no. 39 (Sept. 28, 1867).</subfield></datafield><datafield ind1=" " ind2=" " tag="500"><subfield code="a">Masthead carries title: The Universe: The Catholic herald and visitor, Jan. 2, 1864-&lt;Dec. 24, 1864&gt;; The Universe. Catholic herald, &lt;Sept. 7-28, 1867&gt;.</subfield></datafield><datafield ind1="8" ind2=" " tag="521"><subfield code="a">"A Catholic, Irish-American literary and independent family paper."</subfield></datafield><datafield ind1=" " ind2=" " tag="530"><subfield code="a">Also issued on microfilm by American Theological Library Association.</subfield></datafield><datafield ind1=" " ind2=" " tag="550"><subfield code="a">Official organ of the Diocese of Philadelphia.</subfield></datafield><datafield ind1="2" ind2="0" tag="610"><subfield code="a">Catholic Church</subfield><subfield code="z">Pennsylvania</subfield><subfield code="v">Newspapers.</subfield></datafield><datafield ind1=" " ind2="0" tag="650"><subfield code="a">Irish Americans</subfield><subfield code="z">Pennsylvania</subfield><subfield code="z">Philadelphia</subfield><subfield code="v">Newspapers.</subfield></datafield><datafield ind1=" " ind2="7" tag="655"><subfield code="a">Newspapers.</subfield><subfield code="2">fast</subfield><subfield code="0">(OCoLC)fst01423814</subfield></datafield><datafield ind1="2" ind2="7" tag="610"><subfield code="a">Catholic Church.</subfield><subfield code="2">fast</subfield><subfield code="0">(OCoLC)fst00531720</subfield></datafield><datafield ind1=" " ind2="7" tag="650"><subfield code="a">Irish Americans.</subfield><subfield code="2">fast</subfield><subfield code="0">(OCoLC)fst00978933</subfield></datafield><datafield ind1=" " ind2="7" tag="651"><subfield code="a">Pennsylvania.</subfield><subfield code="2">fast</subfield><subfield code="0">(OCoLC)fst01204598</subfield></datafield><datafield ind1=" " ind2="7" tag="651"><subfield code="a">Pennsylvania</subfield><subfield code="z">Philadelphia.</subfield><subfield code="2">fast</subfield><subfield code="0">(OCoLC)fst01204170</subfield></datafield><datafield ind1="2" ind2=" " tag="710"><subfield code="a">Catholic Church.</subfield><subfield code="b">Diocese of Philadelphia (Pa.)</subfield></datafield><datafield ind1=" " ind2=" " tag="752"><subfield code="a">United States</subfield><subfield code="b">Pennsylvania</subfield><subfield code="c">Philadelphia</subfield><subfield code="d">Philadelphia.</subfield></datafield><datafield ind1="1" ind2=" " tag="776"><subfield code="c">Microfilm</subfield><subfield code="d">American Theological Library Association</subfield><subfield code="w">(DLC)sn 98016156</subfield><subfield code="w">(OCoLC)38940958</subfield></datafield><datafield ind1="0" ind2="0" tag="780"><subfield code="t">Catholic herald and visitor</subfield><subfield code="w">(DLC)sn 87052016</subfield><subfield code="w">(OCoLC)12144921</subfield></datafield></record>